
%% IEEEexample.bib 
%% V1.10 
%% 2002/09/27
%% Copyright (c) 2002 by Michael Shell
%% mshell(at)ece.gatech.edu
%% See support website below for current contact information.
%% 
%% NOTE: This text file uses MS Windows line feed conventions. When (human)
%% reading this file on other platforms, you may have to use a text
%% editor that can handle lines terminated by the MS Windows line feed
%% characters (0x0D 0x0A).
%% 
%% This is an example BibTeX database for the official IEEEtran.bst
%% BibTeX style file.
%% 
%% Some entries call strings that are defined in the IEEEabrv.bib file.
%% Therefore, IEEEabrv.bib should be loaded prior to this file. 
%% Usage: 
%% 
%% \bibliographystyle{./IEEEtran} % use IEEEtran.bst style
%% \bibliography{./IEEEabrv,./IEEEexample}
%% 
%% 
%% Support sites:
%% http://www.ctan.org/tex-archive/macros/latex/contrib/supported/IEEEtran/ 
%% and/or
%% http://www.ieee.org
%%**********************************************************************
%% Legal Notice:
%% This code is offered as-is without any warranty either expressed or
%% implied; without even the implied warranty of MERCHANTABILITY or
%% FITNESS FOR A PARTICULAR PURPOSE!
%% User assumes all risk.
%% In no event shall IEEE or any contributor to this code be liable for
%% any damages or losses, including, but not limited to, incidental,
%% consequential, or any other damages, resulting from the use or misuse
%% of any information contained here.
%%
%% This code is distributed under the Perl Artistic License 
%% ( http://language.perl.com/misc/Artistic.html ) 
%% and may be freely used, distributed and modified - subject to the
%% constraints therein.
%% Retain all contribution notices, credits and disclaimers.
%% 
%% All comments are the opinions of their respective authors and are not
%% necessarily endorsed by the IEEE.
%%**********************************************************************


% Note that, because the example references were taken from actual IEEE
% publications, these examples do not always contain the full amount
% of information that may be desirable (for use with other BibTeX styles).
% In particular, full names (not abbreviated with initials) should be
% entered whenever possible as some (non-IEEE) bibliography styles use
% full names. IEEEtran.bst will automatically abbreviate when it
% encounters full names.
 
 
 
 
% references for the IEEEtran.bst documentation
% the distribution site for IEEEtran.bst

%Entries



@inproceedings{cha2018effects,
  title={Effects of Robot Sound on Auditory Localization in Human-Robot Collaboration},
  author={Cha, Elizabeth and Fitter, Naomi T and Kim, Yunkyung and Fong, Terrence and Matari{\'c}, Maja J},
  booktitle={Proceedings of the 2018 ACM/IEEE International Conference on Human-Robot Interaction},
  pages={434--442},
  year={2018},
  organization={ACM}
}

@inproceedings{walker2018communicating,
  title={Communicating robot motion intent with augmented reality},
  author={Walker, Michael and Hedayati, Hooman and Lee, Jennifer and Szafir, Daniel},
  booktitle={Proceedings of the 2018 ACM/IEEE International Conference on Human-Robot Interaction},
  pages={316--324},
  year={2018},
  organization={ACM}
}

@inproceedings{hedayati2018improving,
  title={Improving collocated robot teleoperation with augmented reality},
  author={Hedayati, Hooman and Walker, Michael and Szafir, Daniel},
  booktitle={Proceedings of the 2018 ACM/IEEE International Conference on Human-Robot Interaction},
  pages={78--86},
  year={2018},
  organization={ACM}
}

@misc{rosen2017communicating,
    title={Communicating Robot Arm Motion Intent Through Mixed Reality Head-mounted Displays},
    author={Eric Rosen and David Whitney and Elizabeth Phillips and Gary Chien and James Tompkin and George Konidaris and Stefanie Tellex},
    year={2017},
    eprint={1708.03655},
    archivePrefix={arXiv},
    primaryClass={cs.RO}
}

@INPROCEEDINGS{8673306, 
author={M. E. {Walker} and H. {Hedayati} and D. {Szafir}}, 
booktitle={2019 14th ACM/IEEE International Conference on Human-Robot Interaction (HRI)}, 
title={Robot Teleoperation with Augmented Reality Virtual Surrogates}, 
year={2019}, 
volume={}, 
number={}, 
pages={202-210}, 
keywords={augmented reality;human-robot interaction;industrial manipulators;mobile robots;telerobotics;concurrent work;predictive graphical interfaces;teleoperator;virtual robot surrogate;physical robot;real-time control;baseline teleoperation system;aerial robot;augmented reality prototypes;human-robot interactions;robot teleoperation;augmented reality virtual surrogates;dominant control paradigm;human interaction;robotic systems;novice users;experienced users;complex dynamics;industrial manipulators;teleoperation forces users;low-level aspects;robot control;higher level goals;Augmented reality;Unmanned aerial vehicles;Robot kinematics;Task analysis;Planning;Two dimensional displays;Robots;teleoperation;augmented reality;mixed reality;ARHMD;interface design;aerial robots;drones}, 
doi={10.1109/HRI.2019.8673306}, 
ISSN={2167-2148}, 
month={March},}





@inproceedings{szafir2015communicating,
  title={Communicating directionality in flying robots},
  author={Szafir, Daniel and Mutlu, Bilge and Fong, Terrence},
  booktitle={2015 10th ACM/IEEE International Conference on Human-Robot Interaction (HRI)},
  pages={19--26},
  year={2015},
  organization={IEEE}
}

@article{bauer2008human,
  title={Human--robot collaboration: a survey},
  author={Bauer, Andrea and Wollherr, Dirk and Buss, Martin},
  journal={International Journal of Humanoid Robotics},
  volume={5},
  number={01},
  pages={47--66},
  year={2008},
  publisher={World Scientific}
}

@article{arras2005we,
  title={Do we want to share our lives and bodies with robots? A 2000 people survey: A 2000-people survey},
  author={Arras, Kai O and Cerqui, Daniela},
  journal={Technical report},
  volume={605},
  year={2005},
  publisher={ETH Zurich}
}

@article{aggarwal2011human,
  title={Human activity analysis: A review},
  author={Aggarwal, Jake K and Ryoo, Michael S},
  journal={ACM Computing Surveys (CSUR)},
  volume={43},
  number={3},
  pages={16},
  year={2011},
  publisher={ACM}
}

@inproceedings{zalama2014sacarino,
  title={Sacarino, a service robot in a hotel environment},
  author={Zalama, Eduardo and Garc{\'\i}a-Bermejo, Jaime G{\'o}mez and Marcos, Samuel and Dom{\'\i}nguez, Salvador and Feliz, Ra{\'u}l and Pinillos, Roberto and L{\'o}pez, Joaqu{\'\i}n},
  booktitle={ROBOT2013: First Iberian Robotics Conference},
  pages={3--14},
  year={2014},
  organization={Springer}
}

@inproceedings{osawa2017real,
  title={What is Real Risk and Benefit on Work with Robots?: From the Analysis of a Robot Hotel},
  author={Osawa, Hirotaka and Ema, Arisa and Hattori, Hiromitsu and Akiya, Naonori and Kanzaki, Nobutsugu and Kubo, Akinori and Koyama, Tora and Ichise, Ryutaro},
  booktitle={Proceedings of the Companion of the 2017 ACM/IEEE International Conference on Human-Robot Interaction},
  pages={241--242},
  year={2017},
  organization={ACM}
}

@inproceedings{kanda2009affective,
  title={An affective guide robot in a shopping mall},
  author={Kanda, Takayuki and Shiomi, Masahiro and Miyashita, Zenta and Ishiguro, Hiroshi and Hagita, Norihiro},
  booktitle={Proceedings of the 4th ACM/IEEE international conference on Human robot interaction},
  pages={173--180},
  year={2009},
  organization={ACM}
}

@inproceedings{datta2011pilot,
  title={A pilot study to understand requirements of a shopping mall robot},
  author={Datta, Chandan and Kapuria, Anuj and Vijay, Ritukar},
  booktitle={Proceedings of the 6th international conference on Human-robot interaction},
  pages={127--128},
  year={2011},
  organization={ACM}
}

@article{acosta2006design,
  title={Design and implementation of a service robot for a restaurant},
  author={Acosta, Leopoldo and Gonz{\'a}lez, Evelio and Rodr{\'\i}guez, Jos{\'e} Nat{\'a}n and Hamilton, Alberto F and others},
  journal={International Journal of Robotics \& Automation},
  volume={21},
  number={4},
  pages={273},
  year={2006},
  publisher={ACTA Press}
}

@inproceedings{forlizzi2006service,
  title={Service robots in the domestic environment: a study of the roomba vacuum in the home},
  author={Forlizzi, Jodi and DiSalvo, Carl},
  booktitle={Proceedings of the 1st ACM SIGCHI/SIGART conference on Human-robot interaction},
  pages={258--265},
  year={2006},
  organization={ACM}
}

@article{hvilshoj2011little,
  title={“Little Helper”—An Autonomous Industrial Mobile Manipulator Concept},
  author={Hvilsh{\o}j, Mads and B{\o}gh, Simon},
  journal={International Journal of Advanced Robotic Systems},
  volume={8},
  number={2},
  pages={15},
  year={2011},
  publisher={SAGE Publications Sage UK: London, England}
}

@article{datta2008development,
  title={Development of autonomous mobile robot with manipulator for manufacturing environment},
  author={Datta, S and Ray, R and Banerji, D},
  journal={The International Journal of Advanced Manufacturing Technology},
  volume={38},
  number={5-6},
  pages={536--542},
  year={2008},
  publisher={Springer}
}

@article{wurman2008coordinating,
  title={Coordinating hundreds of cooperative, autonomous vehicles in warehouses},
  author={Wurman, Peter R and D'Andrea, Raffaello and Mountz, Mick},
  journal={AI magazine},
  volume={29},
  number={1},
  pages={9--9},
  year={2008}
}

@inproceedings{Zhou:2017,
 author = {Zhou, Allan and Hadfield-Menell, Dylan and Nagabandi, Anusha and Dragan, Anca D.},
 title = {Expressive Robot Motion Timing},
 booktitle = {Proceedings of the 2017 ACM/IEEE International Conference on Human-Robot Interaction},
 series = {HRI '17},
 year = {2017},
 isbn = {978-1-4503-4336-7},
 location = {Vienna, Austria},
 pages = {22--31},
 numpages = {10},
 url = {http://doi.acm.org/10.1145/2909824.3020221},
 doi = {10.1145/2909824.3020221},
 acmid = {3020221},
 publisher = {ACM},
 address = {New York, NY, USA},
 keywords = {expressive motion, human cognitive models, motion timing},
} 

@inproceedings{Kalegina,
 author = {Kalegina, Alisa and Schroeder, Grace and Allchin, Aidan and Berlin, Keara and Cakmak, Maya},
 title = {Characterizing the Design Space of Rendered Robot Faces},
 booktitle = {Proceedings of the 2018 ACM/IEEE International Conference on Human-Robot Interaction},
 series = {HRI '18},
 year = {2018},
 isbn = {978-1-4503-4953-6},
 location = {Chicago, IL, USA},
 pages = {96--104},
 numpages = {9},
 url = {http://doi.acm.org/10.1145/3171221.3171286},
 doi = {10.1145/3171221.3171286},
 acmid = {3171286},
 publisher = {ACM},
 address = {New York, NY, USA},
 keywords = {robot face design, social robots},
} 

@inproceedings{Song:2018,
 author = {Song, Sichao and Yamada, Seiji},
 title = {Bioluminescence-Inspired Human-Robot Interaction: Designing Expressive Lights That Affect Human's Willingness to Interact with a Robot},
 booktitle = {Proceedings of the 2018 ACM/IEEE International Conference on Human-Robot Interaction},
 series = {HRI '18},
 year = {2018},
 isbn = {978-1-4503-4953-6},
 location = {Chicago, IL, USA},
 pages = {224--232},
 numpages = {9},
 url = {http://doi.acm.org/10.1145/3171221.3171249},
 doi = {10.1145/3171221.3171249},
 acmid = {3171249},
 publisher = {ACM},
 address = {New York, NY, USA},
 keywords = {appearance-constrained robot, attractiveness, bioluminescence, color psychology, expressive lights, hostility, human-robot interaction (hri)},
}

@INPROCEEDINGS{hoffman2019, 
author={Y. {Hu} and G. {Hoffman}}, 
booktitle={2019 14th ACM/IEEE International Conference on Human-Robot Interaction (HRI)}, 
title={Using Skin Texture Change to Design Emotion Expression in Social Robots}, 
year={2019}, 
volume={}, 
number={}, 
pages={2-10}, 
keywords={emotion recognition;human-robot interaction;image texture;skin;human-robot communication;skin texture change;social robots;emotional expression capacity;design modality;emotionally expressive robot;skin textures;amplitude patterns;texture changing skin;robot designers;texture-to-emotion mappings;actionable design implications;emotional valence;texture movement;texture patterns;online video viewing;Skin;Robot sensing systems;Shape;Haptic interfaces;Strain;Human-robot interaction;Soft robotics;human-robot interaction;emotion expression;empirical study;texture-change;nonverbal behavior}, 
doi={10.1109/HRI.2019.8673012}, 
ISSN={2167-2148}, 
month={March},}



@article{d2014guest,
  title={Guest editorial can drones deliver?},
  author={D'Andrea, Raffaello},
  journal={IEEE Transactions on Automation Science and Engineering},
  volume={11},
  number={3},
  pages={647--648},
  year={2014},
  publisher={IEEE}
}

@inproceedings{bualat2015astrobee,
  title={Astrobee: Developing a free-flying robot for the international space station},
  author={Bualat, Maria and Barlow, Jonathan and Fong, Terrence and Provencher, Chris and Smith, Trey},
  booktitle={AIAA SPACE 2015 Conference and Exposition},
  pages={4643},
  year={2015}
}

@article{chan2015towards,
  title={Towards UAV-based bridge inspection systems: A review and an application perspective},
  author={Chan, Brodie and Guan, Hong and Jo, Jun and Blumenstein, Michael},
  journal={Structural Monitoring and Maintenance},
  volume={2},
  number={3},
  pages={283--300},
  year={2015},
  publisher={Techno-Press}
}

@article{khatib1999robots,
  title={Robots in human environments: Basic autonomous capabilities},
  author={Khatib, Oussama and Yokoi, Kazu and Brock, Oliver and Chang, K and Casal, Arancha},
  journal={The International Journal of Robotics Research},
  volume={18},
  number={7},
  pages={684--696},
  year={1999},
  publisher={SAGE Publications}
}

@article{cha2018survey,
  title={A survey of nonverbal signaling methods for non-humanoid robots},
  author={Cha, Elizabeth and Kim, Yunkyung and Fong, Terrence and Mataric, Maja J and others},
  journal={Foundations and Trends{\textregistered} in Robotics},
  volume={6},
  number={4},
  pages={211--323},
  year={2018},
  publisher={Now Publishers, Inc.}
}

@inproceedings{adams2005human,
  title={Human-robot interaction design: Understanding user needs and requirements},
  author={Adams, Julie A},
  booktitle={Proceedings of the Human Factors and Ergonomics Society Annual Meeting},
  volume={49},
  number={3},
  pages={447--451},
  year={2005},
  organization={SAGE Publications Sage CA: Los Angeles, CA}
}

@article{goodrich2008human,
  title={Human--robot interaction: a survey},
  author={Goodrich, Michael A and Schultz, Alan C and others},
  journal={Foundations and Trends{\textregistered} in Human--Computer Interaction},
  volume={1},
  number={3},
  pages={203--275},
  year={2008},
  publisher={Now Publishers, Inc.}
}